% Bibliografia relacionada a Engenharia de requisítos

@book{transcal,
    title = {Introdução à Engenharia de Sistemas Térmicos},
    author = "SHAPIRO, N. H.; et al.",
    year = {2005},
    publisher = {John Wiley And Sons, Inc.},
    pages = 618
}

@article{malha,
  title={Método dos Volumes Finitos em Malhas não-estruturadas},
  author={ N. D. F. GonÇalves.},
  journal={Universidade do Porto},
  volume={1},
  number={1},
  pages={13--26},
  year={2007}
}

@article{Dal_2012,
  title={Uso de medicamentos entre idosos residentes em {\'a}reas urbanas e rurais de munic{\'\i}pio no Sul do Brasil: um estudo de base populacional},
  author={Dal Pizzol, Tatiane da Silva and Pons, Emilia da Silva and Hugo, Fernando Neves and Bozzetti, Mary Clarisse and Sousa, Maria da Luz Ros{\'a}rio de and Hilgert, Juliana Balbinot},
  journal={Cadernos de Sa{\'u}de P{\'u}blica},
  volume={28},
  pages={104--114},
  year={2012},
  publisher={SciELO Public Health}
}

@misc{IBGE_2020,
   author = "IBGE",
   publisher = "Instituto{~}Brasileiro{~}de{~}Geografia{~}e{~}Estat{\'{i}}stica",
   title = "Proje{\c{c}}{\~{o}}es da Popula{\c{c}}{\~{a}}o",
   year = "2020",
   url = "https://www.ibge.gov.br/estatisticas/sociais/populacao/9109-projecao-da-populacao.html?=&t=resultados",
   note = "[Online; accessed 26-Agosto-2020]"
 }
 
 @misc{retificador1,
   author = "Albuquerque, Leonardo Tabosa",
   title = "Retificador ativo com alto fator de potência utilizando controle indireto de corrente por deslocamento de amostra de tensão",
   year = "2017"
 }
 
  @misc{Conversores1,
   author = "Cruz, Cicero Marcos Tavares",
   title = "Retificador trifasico a diodos, de baixo custo, com correção de fator de potencia.",
   year = "1993"
 }
 
  @misc{Conversores2,
   author = "FEEC, UNICAMP ",
   title = "RETIFICADORES NÃO-CONTROLADOS E FATOR DE POTÊNCIA",
   year = "2002"
 }
 
  @misc{retificador,
   author = "Prof. Clóvis Antônio Petry",
   title = "Retificadores Monofásicos com Filtro
Capacitivo",
   year = "2013"
 }
 
  @misc{STA,
   author = "Sistemas e Tecnologia Aplicada - STA",
   title = "Manual das Baterias Recarregáveis, Pilhas e
Carregadores",
 year = "2018",
  url = "https://www.sta-eletronica.com.br/resources/downloads/manual.pdf",
  note = "[Online; accessed 03-Setembro-2020]"
 }
 
   @misc{forward,
   author = "R.W. Erickson",
   title = "DC-DC power converters",
   year = "1999"
 }
 
    @misc{forward2,
   author = "Abílio Marcos Coelho de Azevedo",
   title = "PROJETO FONTE CHAVEADA FORWARD",
   year = "2016"
 }
 
   @misc{Conversores,
   author = "Blaabjerg, Frede, ed",
   title = "Control of Power Electronic Converters and Systems",
   year = "2018"
 }
 
@article{Ipea,
  title={Condi{\c{c}}{\~o}es de funcionamento e infraestrutura das institui{\c{c}}{\~o}es de longa perman{\^{e}}ncia para idosos no Brasil},
  author={Camarano, Ana Am{\'{e}}lia and Kanso, Solange and Mello, Juliana and Carvalho, Daniele Fernandes and others},
  year={2011},
  publisher={Instituto de Pesquisa Econ{\^{o}}mica Aplicada (Ipea)}
}

@article{Silva2013,
  title={Uso de medicamentos em idosos que residem em uma institui{\c{c}}{\~a}o de longa perman{\^e}ncia},
  author={da Silva Freitas, Adriana Val{\'e}ria and Noronha, Ceci Vilar},
  journal={Estudos Interdisciplinares sobre o Envelhecimento},
  volume={18},
  number={1},
  year={2013}
}

@article{Gimenes2016,
  title={Administra{\c{c}}{\~a}o: n{\~a}o basta usar, {\'e} preciso conhecer a maneira correta},
  author={Gimenes, Fernanda Raphael Escobar},
  journal={Uso Racional de Medicamentos: fundamenta{\c{c}}{\~a}o em condutas terap{\^e}uticas e nos macroprocessos da Assist{\^e}ncia Farmac{\^e}utica. Bras{\'{i}}lia: OPAS/OMS},
  year={2016}
}

@phdthesis{Freire_2009,
  title={Ades{\~a}o e condi{\c{c}}{\~o}es de uso de medicamentos por idosos},
  author={Freire, Claudia Camara},
  year={2009},
  school={Universidade de S{\~a}o Paulo}
}

@article{Freitas_2006,
  title={Idosos e fam{\'\i}lia: asilo ou casa},
  author={Freitas, TM and Oliveira, C and Souza, CS and Ribeiro, C},
  journal={O portal dos psic{\'o}logos},
  year={2006}
}

@misc{RDC_304,
   author = "Brasil",
   publisher = "Di{\'{a}}rio{~}Oficial{~}da{~}Uni{\~{a}o}",
   title = "Resolu{\c{c}}{\~{a}}o - RDC n.304  de 17 de setembro de 2019",
   year = "2019",
   url = "https://www.in.gov.br/web/dou/-/resolucao-rdc-n-304-de-17-de-setembro-de-2019-216803526",
   note = "[Online; accessed 29-Agosto-2020]"
 }
 

@article{Azevedo_2011,
  title={Administra{\c{c}}{\~a}o de medicamentos: conhecimento de enfermeiros do setor de urg{\^{e}}ncia e emerg{\^{e}}ncia},
  author={Azevedo Filho, Francino Machado de and Martins, Ieda Maria Soares and Soares, Cristina Sayonara Rodrigues Silva and Fazendeiro, Pablo Gomes and Paranagu{\'{a}}, Thatianny Tanferri de Brito and Bezerra, Ana L{\'{u}}cia Queiroz},
  year={2011},
}

@article{Da_2018,
  title={Erros na administra{\c{c}}{\~a}o de medicamentos pelos profissionais de Enfermagem},
  author={da Silva, Marcelo Fl{\'a}vio Batista and da Silva Santana, Jefferson},
  journal={Arquivos Catarinenses de Medicina},
  volume={47},
  number={4},
  pages={146--154},
  year={2018}
}

@article{Souza_2018,
  title={Compara{\c{c}}{\~a}o da estabilidade do medicamento hidroclorotiazida entre formas de armazenamento domiciliar com as especifica{\c{c}}{\~o}es do fabricante},
  author={De Souza, Natali Oliveira and Magalh{\~a}es, Marcele Souza},
  year={2018}
}

@article{santos_2016,
  title={Projeto de Elevador Residencial},
  author={DOS SANTOS, G.F.M.},
  year={2016}
}

@misc{DESENVOLVIMENTOAGIL_2013,
   author = "DESENVOLVIMENTOAGIL",
   title = "Scrum Master",
   publisher = "DesenvolvimentoÁgil.com.br",
   year = "2013",
   url = "https://www.desenvolvimentoagil.com.br/scrum/scrum_master",
   note = "[Online; accessed 02-Setembro-2020]"
 }
 
 @misc{SCRUM.ORG_2020,
   author = "SCRUM.ORG",
   title = "What is Scrum?",
   publisher = "Scrum.org",
   year = "2020",
   url = "https://www.scrum.org/resources/what-is-scrum",
   note = "[Online; accessed 02-Setembro-2020]"
 }
 
 @misc{THESCRUMGUIDE_2018,
   author = {Schwaber, Ken and Sutherland, Jeff},
   title = "The Scrum Guide",
   publisher = "ScrumGuides.org",
   year = "2018",
   url = "https://www.scrumguides.org/scrum-guide.html",
   note = "[Online; accessed 02-Setembro-2020]"
 }
 
 @misc{EDUCBA_2020,
  author = {EDUCBA},
  title = "Is MySQL a Relational Database | Steps to Install MySQL DataBase",
  publisher = "Educba.com",
  year = "2020",
  url = "https://www.educba.com/mysql-relational-database",
  note = "[Online; accessed 03-Setembro-2020]"
 }
 
  @misc{AMAZONWEBSERVICES_2020,
  author = {Amazon Web Services},
  title = "O que é o armazenamento em nuvem?",
  publisher = "aws.amazon.com/",
  year = "2020",
  url = "https://aws.amazon.com/pt/what-is-cloud-storage",
  note = "[Online; accessed 03-Setembro-2020]"
 }
 
@misc{DEVMEDIA_2014,
  author = {DEVMEDIA},
  title = "Modelo Entidade Relacionamento (MER) e Diagrama Entidade-Relacionamento (DER)",
  publisher = "devmedia.com.br/",
  year = "2014",
  url = "https://www.devmedia.com.br/modelo-entidade-relacionamento-mer-e-diagrama-entidade-relacionamento-der/14332",
  note = "[Online; accessed 07-Outubro-2020]"
}

@misc{ENGPROCESS_2018,
  author = {ENGPROCESS},
  title = "Mosquitto – Entenda suas funcionalidades e vantagens!",
  publisher = "engprocess.com.br/",
  year = "2018",
  url = "https://engprocess.com.br/mosquitto/",
  note = "[Online; accessed 10-Outubro-2020]"
}

@misc{MEDIUM_2020,
 author = {Ovidiu Latcu},
 title = "Why you should learn Reactive Programming",
 publisher = "medium.com",
 year = "2017",
 url = "https://medium.com/corebuild-software/why-you-should-learn-reactive-programming-51b6ffc31425",
 note = "[Online; accessed 10-Outubro-2020]"
}

@misc{IBM,
  author = {IBM},
  title = "Modelos e Diagramas UML",
  publisher = "ibm.com/",
  year = "2020",
  url = "https://www.ibm.com/support/knowledgecenter/pt-br/SS5JSH_9.5.0/com.ibm.xtools.modeler.doc/topics/c_models_and_diagrams.html",
  note = "[Online; accessed 07-Outubro-2020]"
}
 
   @misc{bateria,
  author = {Hugo Guilherme Maestri},
  title = "Dimensionamento de um sistema fotovoltaico autônomo para alimentação de um dispositivo de monitoramento de parâmetros elétricos em linhas de transmissão",
  year = "2018",
 }
 
  @misc{EUAX_2018,
  author = {Andreia Silva Justo},
  title = "EAP (Estrutura Analítica do Projeto): o que é, como fazer e qual a diferença entre EAP e Cronograma",
  publisher = "Euax.com",
  year = "2018",
  url = "https://www.euax.com.br/2018/12/eap-estrutura-analitica-projeto",
  note = "[Online; accessed 05-Setembro-2020]"
 }
 
 @article{Pinto_2016,
  title={Armazenamento e distribui{\c{c}}{\~a}o: o medicamento tamb{\'e}m merece cuidados},
  author={Pinto, Vanusa Barbosa},
  journal={Uso Racional de Medicamentos: fundamenta{\c{c}}{\~a}o em condutas terap{\^e}uticas e nos macroprocessos da Assist{\^e}ncia Farmac{\^e}utica},
  volume={1},
  number={12},
  pages={978--985},
  year={2016},
  publisher={OPAS/OMS Bras{\'\i}lia, DF}
}

@article{Askeland_Wright_2019,
  title= {Ci{\^e}ncia e Engenharia dos Materiais},
  author= {Askeland, Donald R. and Wright, Wendelin J.},
  pages={338--362 and 426--458},
  year= {2019},
}

@article{Projeto_fonte,
  title= {Projeto de Fontes Chaveadas},
  author= {Ivo Barbi},
  year= {2001},
}

@misc{Steel_Group,
   author = "Steel Group",
   title = "O uso do Aço inox em ambiente hospitalar",
   year = "2019",
   url = "https://steelgroup.com.br",
   note = "[Online; accessed 20-Agosto-2020]"
 }
 
@misc{Aco_1020_ensaio,
   author = {Seidel, L. G.},
   title = "Metalografia e ensaios de traç{\~a}o nos aços 1020 e 1045",
   year = "2016",
   url = "https://www.webartigos.com/storage/app/uploads/public/588/508/1b1/5885081b14d0b557128974.pdf",
 }
 
 @misc{PP_Recycle,
    author = "Dillon, P. and Rubystein, L.",
    title = "Managing Pharmaceutical Waste: Best Management Practices for Plastic Medication Containers from Consumers",
    year = "2005",
    url = "https://nerc.org/documents/plastic_medication_container_bmp.pdf",
}

@misc{Imp3D_Polimeros,
   author = "Besko, M. and Bilyk, C. and Sieben, P. G.",
   title = "Aspectos técnicos e nocivos dos principais filamentos usados em impressão 3D",
   year = "2017",
   url = "http://www.opet.com.br/faculdade/revista-engenharias/pdf/n3/Artigo2-n3-Bilyk.pdf",
}

@misc{Silicone_estudo,
   author = "Isenmann, A.F.",
   title = "Silicones: Síntese, Propriedades e Usos",
   year = "2018",
   url = "http://sistemas.timoteo.cefetmg.br/nos/_media/bd:artigotecnico:quimica:silicones_08_2018.pdf",
}


@misc{OMS_2010,
  author = {OMS} ,
  title = "Pesquisa e Tecnologia em Sa{\'{u}}de",
  year = "2010",
  url = "https://www.paho.org/bra/index.php?option=com_content&view=article&id=551:pesquisa-e-tecnologia-em-saude&Itemid=559",
  note = "[Online; accessed 05-Setembro-2020]"
 }
 
 % 
 % 
 
@misc{amron_photo_sensors,
  author = "AMRON",
  title = "Technical Explanation for Photoelectric Sensors",
  publisher = "http://www.ia.omron.com",
  year = "2018",
  url = "http://www.ia.omron.com/data_pdf/guide/43/photoelectric_tg_e_8_4.pdf",
  note = "[Online; accessed 10-Setembro-2020]"
}

@book{webster2018measurement,
  title={Measurement, Instrumentation, and Sensors Handbook: Two-Volume Set},
  author={Webster, John G and Eren, Halit},
  year={2018},
  publisher={CRC press}
}

@book{morton2005pic,
  title={The PIC microcontroller: your personal introductory course},
  author={Morton, John},
  year={2005},
  publisher={Elsevier}
}

@book{shigley2005,
    title = {Projeto de engenharia mecânica},
    author = "Shigley, Joseph E. and Mischke, Charles R. and Budynas, Richard G.",
    year = {2005},
    publisher = {Bookman}
}

@incollection{starzhinsky2013,
    booktitle = "Encyclopedia of Tribology",
    title = {Polymeric Gears},
    author = "Starzhinsky, V. E.",
    year = {2013},
    publisher = {Springer}
}

@book{mechanicalPolymers,
    title = {Mechanical Properties and Testing of Polymers: An A-Z Reference},
    author = "Swallowe, G. M.",
    year = {1999},
    publisher = {Springer-Science \& Business Media}
}

@misc{sdcard_benchmark,
  author = {Raspberry Pi Dramble} ,
  title = "microSD Card Benchmarks",
  year = "2020",
  url = "https://www.pidramble.com/wiki/benchmarks/microsd-cards",
  note = "[Online; accessed 5-Outubro-2020]"
 }
 
 @misc{RDC_185,
   author = "Brasil",
   publisher = "Di{\'{a}}rio{~}Oficial{~}da{~}Uni{\~{a}o}",
   title = "Resolu{\c{c}}{\~{a}}o - RDC  N. 185, de 22 de outubro de 2001",
   year = "2001",
   url = "http://bvsms.saude.gov.br/bvs/saudelegis/anvisa/2001/rdc0185_22_10_2001.pdf",
   note = "[Online; accessed 30-Outubro-2020]"
 }
 
  @misc{farmacopeia,
   author = "ANVISA",
   publisher = "Ag{\^{e}}ncia{~}Nacional{~}de{~}Vigil{\^{a}}ncia{~}Sanitária",
   title = "Farmacopeia{~}Brasileira",
   year = "2019",
   url = " https://www.gov.br/anvisa/pt-br/assuntos/farmacopeia/farmacopeia-brasileira/arquivos/7985json-file-1",
   note = "[Online; accessed 30-Outubro-2020]"
 }
 
  @misc{RDC_249,
   author = "Brasil",
   publisher = "Di{\'{a}}rio{~}Oficial{~}da{~}Uni{\~{a}o}",
   title = "Resolu{\c{c}}{\~{a}}o - RDC  N. 249, de 13 de setembro de 2005",
   year = "2005",
   url = "http://www.lex.com.br/doc_515066_RESOLUCAO_N_249_DE_13_DE_SETEMBRO_DE_2005.aspx",
   note = "[Online; accessed 31-Outubro-2020]"
 }
 
 @article{Pianetti_2016,
  title={Registro e autoriza{\c{c}}{\~a}o: atendimento aos requisitos m{\'\i}nimos de qualidade, eficácia e seguran{\c{c}}a},
  author={Pianetti, Gerson A.},
  journal={Uso Racional de Medicamentos: fundamenta{\c{c}}{\~a}o em condutas terap{\^e}uticas e nos macroprocessos da Assist{\^e}ncia Farmac{\^e}utica},
  volume={1},
  number={6},
  year={2016},
  publisher={OPAS/OMS Bras{\'\i}lia, DF}
}

 @article{Jara_2012,
  title={Unitariza{\c{c}}{\~{a}}o da Dose e Seguran{\c{c}}a do Paciente: Responsabilidade da Farmácia Hospitalar ou da Indústria Farmac{\^{e}}tica?},
  author={Jara, Marisa Castro},
  journal={Instituto de Educa{\c{c}}{\~{a}}o e Pesquisa do Hospital Moinhos de Ventos},
  volume={3},
  number={3},
  year={2012},
  publisher={ Revista Brasileira de Farmácia Hospitalar e Servi{\c{c}}o de Saúde, S{\~{a}}o Paulo, SP}
}

  @misc{HMC_poly,
   author = {HMCPOLYMERS},
   publisher = "HMC Polymers",
   title = "PP Grades",
   year = {2020},
   url = "https://www.hmcpolymers.com/pp-grades",
   note = "[Online; accessed 31-Outubro-2020]"
 }
 
 @article{Everton_2012,
  title={Unitariza{\c{c}}{\~{a}}o de Doses em Farmácia Hospitalar},
  author={Martins, Everton Souza and Pereira, Franciele de Paula and Silva, Larissa Thayse Mazaro},
  journal={Infarma},
  volume={24},
  number={4/6},
  year={2012}
}

@misc{luiz_malha,
   author = "F. Luiz",
   title = "Avaliação da qualidade da malha",
   year = "2015",
   url = "http://notasemcfd.blogspot.com/2015/07/avaliacao-da-qualidade-da-malha.html",
   note = "[Online; accessed 02-Novembro-2020]"
 }
  @book{inmanbook,
   author = {Daniel J. Inmann},
   title = {Engineering Vibration},
   publisher = {Pearson Education},
   volume = {1},
   pages = {720},
   Address = {Michigan, USA},
   year = {2014},
   type = {Journal}
}

@article{failure,
  title={Failures of welded joints},
  author={D. K. BHATTACHARYA},
  journal={NML JAMSHEDPUR},
  volume={1},
  number={4},
  pages={212--200},
  year={1997}
}

@article{fatigue,
  title={Strain modal analysis and fatigue residual life
prediction of vibrating screen beam},
  author={Zerong Zhang},
  journal={JVE International LTD ISSN},
  volume={4},
  number={4},
  pages={217--223},
  year={2016},
  DOI ="https://doi.org/10.21595/jme.2016.18113"
}
@article{embalagem,
  title={Embalagem Farmacêutica tipo blíster: escolha
de um filme adequado para fármacos sensíveis à umidade},
  author={RODRIGUES, L. N. C.; FERRAZ, H. G.},
  journal={Revista Analytica},
  volume={1},
  number={1},
  pages={80-86},
  year={2007},
  DOI ="https://doi.org/10.21595/jme.2016.18113"
}


@book{materiais,
   title = {Ciência e engenharia de materiais : uma introdução},
   author = "William D. Callister",
   year = {2016},
   publisher = {Pearson Education},
   pages = 912
}

@article{IPC,
  title={IPC-2221A Generic Standard on Printed Board Design},
  author={ANSI/IPC},
  journal={Association Connecting Eletronics Industries},
  year={2003},
}

